@misc{site,
  author = {Mateus Barros Rodrigues},
  title = {gitHub},
  year = 2016,
  howpublished = {\url{https://github.com/Mlordx/MAC0499/tree/master/src}},
}


@misc{site2,
  author = {Alexis Sakurai Landgraf},
  title = {Visualizador de algoritmos geométricos},
  year = 2009,
  howpublished = {\url{https://github.com/Mlordx/visualizador-geometrico}},
}


@Book{dbvkos,
 author   = {Mark de Berg and Otfried Cheong and Marc van Kreveld and Mark Overmars},
 title    = {Computational Geometry: Algorithms and Applications},
 edition  = {3},
 publisher= {Springer},
 year     = {2008},
}

@Book{clrs,
 author   = {Thomas H. Cormen and Charles E. Leiserson and Ronald L. Rivest and Clifford Stein},
 title    = {Introduction to Algorithms},
 edition  = {3},
 publisher= {The MIT Press},
 year     = {2009},
}


@MastersThesis{junio09:MSc,
 author   = {Álvaro J. P. Franco},
 title    = {Consultas de segmentos em janelas: algoritmos e estruturas de dados},
 school   = {Instituto de Matemática e Estatística, Universidade de São Paulo, Brasil},
 year     = {2009},
 month    = Aug
}

