@online{site,
  author = {Mateus Barros Rodrigues},
  title = {gitHub},
  year = 2016,
  url = {https://github.com/Mlordx/MAC0499/tree/master/src}
}

@MastersThesis{junio09:MSc,
 author   = {Álvaro J. P. Franco},
 title    = {Consultas de segmentos em janelas: algoritmos e estruturas de dados},
 school   = {Instituto de Matemática e Estatística, Universidade de São Paulo, Brasil},
 year     = {2009},
 month    = Aug
}

