@BOOK{Smith:2012qr,
   title = {Book Title},
   publisher = {Publisher},
   author = {Smith, J.~M. and Jones, A.~B.},
   year = {2012},
   edition = {7th},
}

@online{site,
  author = {Mateus Barros Rodrigues},
  title = {gitHub},
  year = 2016,
  url = {https://github.com/Mlordx/MAC0499/tree/master/src}
}

@online{site2,
  author = {Alexis Sakurai Landgraf},
  title = {Visualizador de algoritmos geométricos},
  year = 2009,
  url = {https://github.com/Mlordx/visualizador-geometrico}
}

@online{site3,
  author = {Alper Üngör},
  title = {Lecture 15: Windowing queries},
  year = 2010,
  url = {https://www.cise.ufl.edu/class/cot5520fa09/CG_WindowingMoreCh10.pdf}
}

@MastersThesis{junio09:MSc,
 author   = {Álvaro J. P. Franco},
 title    = {Consultas de segmentos em janelas: algoritmos e estruturas de dados},
 school   = {Instituto de Matemática e Estatística, Universidade de São Paulo, Brasil},
 year     = {2009},
 month    = Aug
}


